@article{DBLP:journals/corr/CordtsORREBFRS16,
  author       = {Marius Cordts and
                  Mohamed Omran and
                  Sebastian Ramos and
                  Timo Rehfeld and
                  Markus Enzweiler and
                  Rodrigo Benenson and
                  Uwe Franke and
                  Stefan Roth and
                  Bernt Schiele},
  title        = {The Cityscapes Dataset for Semantic Urban Scene Understanding},
  journal      = {CoRR},
  volume       = {abs/1604.01685},
  year         = {2016},
  url          = {http://arxiv.org/abs/1604.01685},
  eprinttype    = {arXiv},
  eprint       = {1604.01685},
  timestamp    = {Mon, 13 Aug 2018 16:47:48 +0200},
  biburl       = {https://dblp.org/rec/journals/corr/CordtsORREBFRS16.bib},
  bibsource    = {dblp computer science bibliography, https://dblp.org}
}